<?xml version="1.0" encoding="UTF-8"?><collection xmlns="http://www.loc.gov/MARC21/slim"><record><leader>00343nam--2200133-i-4500</leader><controlfield tag="001">000047355</controlfield><controlfield tag="002">20161230</controlfield><controlfield tag="005">20161230201046</controlfield><controlfield tag="008">060222s1000------------r-----000-0-eng-d</controlfield><datafield ind1=" " ind2=" " tag="080"><subfield code="a">533.7.08</subfield></datafield><datafield ind1=" " ind2=" " tag="100"><subfield code="a">Wieldeman,Jochen</subfield></datafield><datafield ind1=" " ind2=" " tag="245"><subfield code="a">Laser-doppler anemometrie. mit 52 abbildungen</subfield></datafield><datafield ind1=" " ind2=" " tag="260"><subfield code="a">Berlin, Springer-verlag, 1984. 88 P</subfield></datafield><datafield ind1=" " ind2=" " tag="852"><subfield code="a">73857</subfield></datafield></record></collection>